<?xml version="1.0" encoding="UTF-8"?><collection xmlns="http://www.loc.gov/MARC21/slim"><record><leader>00469nam--2200145-i-4500</leader><controlfield tag="001">000044328</controlfield><controlfield tag="002">20161230</controlfield><controlfield tag="005">20161230201044</controlfield><controlfield tag="008">060222s1000------------r-----000-0-eng-d</controlfield><datafield ind1=" " ind2=" " tag="080"><subfield code="a">621.317</subfield></datafield><datafield ind1=" " ind2=" " tag="100"><subfield code="a">Terman, Frederick Emmons And Petit Joseph Mayo</subfield></datafield><datafield ind1=" " ind2=" " tag="245"><subfield code="a">Electronic measurements. second edition</subfield></datafield><datafield ind1=" " ind2=" " tag="260"><subfield code="a">New York, Mc Graw-hill Publishing Company Ltd., 1952, Xiv + 707p</subfield></datafield><datafield ind1=" " ind2=" " tag="490"><subfield code="a">Mc Graw-hill Electrical And Electronic Engineering Series</subfield></datafield><datafield ind1=" " ind2=" " tag="852"><subfield code="a">10286</subfield></datafield></record></collection>